%1
    @BOOK{radarhandbook,
      author =       "Merrill Skolnik",
      title =        "Radar Handbook",
      publisher =    "New York : McGraw-Hill Professional ",
      year =         "2008",
      isbn =         "978-0071485470",
    }

%2
    @BOOK{radarsystems,
      author =       "Merrill I. Skolnik",
      title =        "Introduction to Radar Systems",
      publisher =    "McGraw-Hill book company",
      year =         "1981",
      isbn =         "0-07-066572-9",
    }

%3 

    @BOOK{radarmatlab,
      author =        "Bassem R. Mahafza",
      title =         "Radar Systems Analysis and Desing Using MATLAB",
      publisher =     "Chapman and Hall/CRC",
      year =          "2000",
      isbn =          "1-58488-182-8",
    }

%4    
   @MISC{radartutor,
      author =       "Christian Wolff",
      title =        "Radar Tutorial",
      url =          "http://www.radartutorial.eu/index.en.html",
      note =         "[Online; citované 12.01.2017]",
   }

%5
   @MISC{kmc4sheet,
      author =       "RFbeam",
      title =        "K-MC4 Monopulse Radar Transceiver Datasheet",
      year =         "2013",
      month =        "Jan",
      url =          "https://www.rfbeam.ch/files/products/18/downloads/Datasheet_K-MC4.pdf",
      note =         "[Online; citované 12.01.2017]",
   }

%6
   @MISC{radarimage,
      author =       "J. L. Hicks",
      title =        " Radar Principles.",
      year =         "1998",
      url =          "hhttp://www.rfcafe.com/references/electrical/NEETS-Modules/NEETS-Module-18-1-11-1-20.htm",
      note =         "[Online; citované 12.01.2017]",
   }

%7
   @MISC{imsopora,
      author =       "Peter Peringer",
      title =        "Modelování a simulace, studijní opora",
      year =         "FIT VUT v Brne, 2012",
      note =         "[Online; citované 13.01.2017]",
   }

%8 
   @MISC{zreopora,
      author =       "Jan Černocký",
      title =        "Zpracování řečových signálů — studijní opora",
      publisher =    "Speech@FIT, Ústav počítačové grafiky a multimédií
Fakulta informačních technologií, Vysoké učení technické v Brně",
	    year =		     "2006",
	    month = 	     "Dec",
      note =         "[Online; citované 14.01.2017]",
   }
    
%9
    @BOOK{radarsystem,
      author =       "Louis N. Ridenour",
      title =        "Radar system engineering",
      publisher =    "Dover",
      year =         "1965",
      asin =         "B000RB6A2Y",
    }

%10
   @MISC{issslajdy,
      author =       "Jan Černocký",
      title =        "Signály a systémy, študijné materiály k predmetu",
      year =         "FIT VUT v Brne, 2015",
      note =         "[Online; citované 20.01.2017]",
   }  

%11
%      author =       "FlexRadio Systems Knowledge Center",
   @MISC{flexradio,
      title =        "DSP Window Functions in PowerSDR",
      year =         "FlexRadio Systems Knowledge Center 2009",
      note =         "[Online; citované 20.01.2017]",
      url =          "http://kc.flex-radio.com/KnowledgebaseArticle50439.aspx",      
   }

%12
    @BOOK{radarsystemproc,
      author =       "Sen M Kuo, Bob H Lee",
      title =        "Real-Time Digital Signal Processing",
      publisher =    "OHNWILEY and SONS, LTD",
      year =         "2001",
      isbn =         "0-470-84137-0",
    }  

%13
    @BOOK{understandingsignals,
      author =       "Richard G. Lyons",
      title =        "Understanding Digital Signal Processing",
      publisher =    "Prentice Hall PTR",
      year =         "2001",
      isbn =         "0-201-63467-8",
    }  

%14
   @MISC{undestandingfft,
      title =        "Understanding FFTs and Windowing ",
      year =         "National Instruments 2017",
      note =         "[Online; citované 20.01.2017]",
      url =          "http://download.nicom/evaluation/pxi/Understanding%20FFTs%20and%20Windowing.pdf",      
   }  

%15
    @ELECTRONIC{radarsensing,
      author = {Wolfgang Weidmann},
      month = {April},
      year = {2017},
      title = {Radar Sensing and Detection of Moving and Stationary Objects},
      note = {\url{http://www.innosent.de/fileadmin/media/dokumente/Downloads/Application_Note_I_-_web.pdf/}},
      owner = {ormos},
      timestamp = {2015.01.08}
    }

%16
   @MISC{radarbeam,
      author =       "Yuefei Zeng, Ulrich Blahak",
      title =        "Radar Beam Tracing Methods Based on Atmospheric Refractive Index",
      publisher =    "Journal of atmospheric and oceanic technology, Volume 31",
      note =         "[Online; citované 24.01.2017]", 
      url =          "http://journals.ametsoc.org/doi/pdf/10.1175/JTECH-D-13-00152.1",        
   }     

%17
   @MISC{inmopora,
      author =       "Břetislav Fajmon, Irena Hlavičková", 
      title =        "Numerická matematika a pravděpodobnost",
      publisher =    "VYSOKÉ UČENÍ TECHNICKÉ V BRNĚ, FAKULTA ELEKTROTECHNIKY A KOMUNIKAČNÍCH TECHNOLOGIÍ, ÚSTAV MATEMATIKY",
      year =         "2014",
      note =         "[Online; citované 20.01.2017]",
   }  

%18
    @BOOK{undestandingsignals,
      author =       "Lyons, R. G.",
      title =        "Understanding digital signal processing",
      publisher =    " 1rd ed. Pearson Education",
      year =         "1996",
      isbn =         "ISBN 0-201-63467-8",
    }
