@Misc{Wiki:pismo,
author = "Wikipedia",
title = "{Dejiny písma}",
howpublished = "online",
revised = "Posledná zmena 16. januára 2014",
cited = "2012-04-8",
url = "http://en.wikipedia.org/wiki/Grapheme/",
}

@Article{primo:fonts,
author = "Behrens, Roy R.",
title = "Fonts and Logos: Font Analysis, Logotype Design, Typography, Type Comparison, and History (review)",
journal = "Leonardo",
year = "2001",
number = "34",
pages = "280--280",
issn = "1530--9282",
}

@Misc{Wiki:typeface,
author = "Wikipedia",
title = "{Typeface}",
howpublished = "online",
revised = "Posledná zmena 2. februára 2015",
cited = "2015-04-14",
url = "http://en.wikipedia.org/wiki/Typeface",
}

@Misc{misc:dictionary,
author = "Proxima software",
title = "{Typography Terms}",
howpublished = "online",
revised = "Posledná zmena 2015",
cited = "2015-04-14",
url = "http://www.proximasoftware.com/fontexpert/terms",
}

@Book{primo:Muzika,
author = "František Muzika",
title = "Krásné písmo ve vývoji latinky. II",
publisher = "Paseka",
year = "2005",
edition = "3",
address = "Praha",
isbn = "80--7185--740--8",
}

@Book{primo:Jean,
author = "Georges Jean",
title = "Písmo - paměť lidstva",
publisher = "Slovart",
year = "1994",
edition = "3",
address = "Praha",
isbn = "80--7145--115--0",
}

@Article{primo:article1,
author = "Demaine, Erik D. ; Demaine, Martin L.",
title = "Fun with fonts: Algorithmic typography",
journal = "Theoretical Computer Science",
year = "2015",
number = "587",
pages = "1--102",
issn = "0304--3975",
}

@InProceedings{primo:conf,
author = "Alahmad; Mohammad; Al-Shaikhli; Imadfakhri; Najaa, Anas M.",
title = "SVG and Arabic font challenges and improvements",
booktitle = "2013 5th International Conference on Information and Communication Technology for the Muslim World, March 2013, pp.1-5 ",
address = "United Arab Emirates",
publisher = "IEEE Conference Publications ",
pages= "1--15",
year = "2013",
isbn = "978--1--4799--0134--0",
}

@MasterThesis{thesis:Jiricek,
author = "Jiříček, Milan",
title = "Živý font",
school = "VUT FEKT v~Brně",
address = "Brno",
year = "2011",
}

@MasterThesis{thesis:Zankofski,
author = "Zankofski, D. A",
title = "Interaction of Fronts with Topography",
school = "United States Defense Technical Information Center",
address = "USA",
year = "1985",
}
